% Encoding: UTF-8

@book{sommerville_engenharia,
	title={Engenharia de software},
	author={Sommerville, Ian},
	volume={9},
	year={2011},
	publisher={Pearson S{\~a}o Paulo}
}

@book{flavioalmeida_meanstack,
	title={MEAN - Full stack JavaScript para aplicações web com MongoDB, Express, Angular e Node},
	author={Almdeida, Flávio},
	publisher={Casa do Código}
}

@book{flavioalmeida_cangaceirojs,
	title={Cangaceiro JavaScript - Uma aventura no sertão da programação},
	author={Almdeida, Flávio},
	publisher={Casa do Código}
}